@inproceedings{artcodes,
author = {Yang, Zhe and Bao, Yuting and Luo, Chuhao and Zhao, Xingya and Zhu, Siyu and Peng, Chunyi and Liu, Yunxin and Wang, Xinbing},
title = {ARTcode: preserve art and code in any image},
year = {2016},
isbn = {9781450344616},
publisher = {Association for Computing Machinery},
address = {New York, NY, USA},
url = {https://doi.org/10.1145/2971648.2971733},
doi = {10.1145/2971648.2971733},
booktitle = {Proceedings of the 2016 ACM International Joint Conference on Pervasive and Ubiquitous Computing},
pages = {904â€“915},
numpages = {12},
keywords = {visualization barcode, screen-camera communication, data hiding, ARTcode},
location = {Heidelberg, Germany},
series = {UbiComp '16}
}

@article{NAKANORooted,
title = {Efficient generation of rooted trees},
year = {2003},
author = {Shin-ichi Nakano, Takeaki Uno},
keywords = {Graphs, Algorithms, Plane graphs, Plane trees, Enumeration, Listing}
}

@article{NAKANOPlane,
title = {Efficient generation of plane trees},
journal = {Information Processing Letters},
volume = {84},
number = {3},
pages = {167-172},
year = {2002},
issn = {0020-0190},
doi = {https://doi.org/10.1016/S0020-0190(02)00240-5},
url = {https://www.sciencedirect.com/science/article/pii/S0020019002002405},
author = {Shin-ichi Nakano}
}

@misc{navilens,
title={Method of detection and recognition of visual markers of long reach and high density},
author={Universidad de Alicante},
year={Patent ES2616146A1, 2016}
}